@book{Pierce:SF,
  author = {Benjamin C. Pierce and Chris Casinghino and Marco Gaboardi and
                  Michael Greenberg and C\v{a}t\v{a}lin Hri\c{t}cu 
                  and Vilhelm Sjoberg and Brent Yorgey},
  title = {Software Foundations},
  year = {2013},
  publisher = {Electronic textbook},
  plclub = {Yes},
  bcp = {Yes},
  keys = {poplmark,books},
  note = {\URL{http://www.cis.upenn.edu/~bcpierce/sf}},
  ebook = {http://www.cis.upenn.edu/~bcpierce/sf},
  japanese = {http://proofcafe.org/sf}
}